@inproceedings{amsterdamer2011provenance,
  title={Provenance for aggregate queries},
  author={Amsterdamer, Yael and Deutch, Daniel and Tannen, Val},
  booktitle={Proceedings of the thirtieth ACM SIGMOD-SIGACT-SIGART symposium on Principles of database systems},
  pages={153--164},
  year={2011}
}